A2500004              SEFAZ AM            104CAIXA ECON. FEDERAL 20200623151065031                                                              160545
G      202006231554202020062300000000856500000092935000420200626103000775516013800000000929350000000000000011548    3000970588              1        0
G
      20200623155420
20200623
00000000
8565000000929350004202006261030007755160138
0000000092
93500
00000000
00001154
8
    3000970588         
 
 1        0
G      20200623155746 20200623 00000000856300000070762000420200626103000775 6230131600 00000 70762000 0 000000000021548    30 00972447              1        0
G      20200623155808 20200623 00000000856200000015634000420200630402112377 7105121000 00000 15634000 0 000000000031549    30 00972608              1        0
G      20200623155903 20200623 00000000856100000066994000420200626103000775 6515138000 00000 66994000 0 000000000041548    30 00973073              1        0
G      20200623155541 20200623 00000000856600000012175000420200630402111763 3466121000 00000 12175000 0 000000000053040    40 00351181976           1        0
G      20200623155524 20200623 00000000856500000001324000420200623402111015 7618121000 00000 01324000 0 000000000063219    40 00354149650           1        0
G      20200623154448 20200623 00000000856600000006600000420200626103000776 5247131600 00000 06600000 0 000000000070020    40 00356416964           1        0
G      20200623154542 20200623 00000000856500000007700000420200626103000776 5190131600 00000 07700000 0 000000000080020    40 00356416966           1        0
G      20200623154927 20200623 00000000856600000025202000420200630402112107 0160121000 00000 25202000 0 000000000091549    40 00356983526           1        0
G      20200623155012 20200623 00000000856100000110000000420200630653000775 3906982800 00001 10000000 0 000000000102853    40 00358865442           1        0
G      20200623155606 20200623 00000000856200000136227000420200623153000776 3068138400 00001 36227000 0 000000000111457    40 00358915967           1        0
G      20200623154910 20200623 00000000856800000017966000420200630402111762 9841121000 00000 17966000 0 000000000122853    40 00359537530           1        0
G      20200623154403 20200623 00000000856800000037221000420200623253000759 3680140000 00000 37221000 0 000000000132980    40 00359850544           1        0
G      20200623154626 20200623 00000000856100000048590000420200630402112625 3450121000 00000 48590000 0 000000000141549    40 00360110835           1        0
G      20200623154248 20200623 00000000856000000027038000420200630402111607 6865121000 00000 27038000 0 000000000151300    40 00360237323           1        0
G      20200623155530 20200623 00000000856800000019103000420200630402111526 6776121000 00000 19103000 0 000000000162971    40 00361882703           1        0
Z00001800000000000695471                                                                                                                              
